<record><leader>00000cas a22000007a 4500</leader><controlfield tag="001">49822430</controlfield><controlfield tag="008">020518c20029999inucr ne      0    0eng d</controlfield><datafield ind1=" " ind2=" " tag="010"><subfield code="a">sn2002062413</subfield></datafield><datafield ind1=" " ind2=" " tag="040"><subfield code="a">NPI</subfield><subfield code="b">eng</subfield><subfield code="c">NPI</subfield><subfield code="d">OCLCF</subfield><subfield code="d">OCLCO</subfield></datafield><datafield ind1="1" ind2=" " tag="029"><subfield code="a">AU@</subfield><subfield code="b">000026091404</subfield></datafield><datafield ind1=" " ind2=" " tag="042"><subfield code="a">msc</subfield></datafield><datafield ind1=" " ind2=" " tag="043"><subfield code="a">n-us-in</subfield></datafield><datafield ind1="0" ind2=" " tag="130"><subfield code="a">Noblesville ledger (Noblesville, Ind. : 2002)</subfield></datafield><datafield ind1="0" ind2="4" tag="245"><subfield code="a">The Noblesville ledger.</subfield></datafield><datafield ind1=" " ind2=" " tag="260"><subfield code="a">Noblesville, IN :</subfield><subfield code="b">The Noblesville Ledger,</subfield><subfield code="c">c2002-</subfield></datafield><datafield ind1=" " ind2=" " tag="300"><subfield code="a">v. :</subfield><subfield code="b">ill. ;</subfield><subfield code="c">58 cm.</subfield></datafield><datafield ind1=" " ind2=" " tag="310"><subfield code="a">Twice a week</subfield></datafield><datafield ind1="0" ind2=" " tag="362"><subfield code="a">Apr. 9, 2002-</subfield></datafield><datafield ind1=" " ind2=" " tag="500"><subfield code="a">"Serving Westfield, Cicero, and northern Hamilton County."</subfield></datafield><datafield ind1=" " ind2="0" tag="651"><subfield code="a">Westfield (Ind.)</subfield><subfield code="v">Newspapers.</subfield></datafield><datafield ind1=" " ind2="0" tag="651"><subfield code="a">Cicero (Ind.)</subfield><subfield code="v">Newspapers.</subfield></datafield><datafield ind1=" " ind2="0" tag="651"><subfield code="a">Hamilton County (Ind.)</subfield><subfield code="v">Newspapers.</subfield></datafield><datafield ind1=" " ind2="7" tag="655"><subfield code="a">Newspapers.</subfield><subfield code="2">fast</subfield><subfield code="0">(OCoLC)fst01423814</subfield></datafield><datafield ind1=" " ind2="7" tag="651"><subfield code="a">Indiana</subfield><subfield code="z">Cicero.</subfield><subfield code="2">fast</subfield><subfield code="0">(OCoLC)fst01224215</subfield></datafield><datafield ind1=" " ind2="7" tag="651"><subfield code="a">Indiana</subfield><subfield code="z">Hamilton County.</subfield><subfield code="2">fast</subfield><subfield code="0">(OCoLC)fst01205928</subfield></datafield><datafield ind1=" " ind2="7" tag="651"><subfield code="a">Indiana</subfield><subfield code="z">Westfield.</subfield><subfield code="2">fast</subfield><subfield code="0">(OCoLC)fst01211949</subfield></datafield><datafield ind1=" " ind2=" " tag="752"><subfield code="a">United States</subfield><subfield code="b">Indiana</subfield><subfield code="c">Hamilton</subfield><subfield code="d">Noblesville.</subfield></datafield><datafield ind1="0" ind2="4" tag="780"><subfield code="t">Westfield enterprise</subfield><subfield code="w">(DLC)sn 86058654</subfield></datafield><datafield ind1="0" ind2="4" tag="780"><subfield code="t">Daily ledger (Noblesville, Ind. : 1993)</subfield><subfield code="w">(DLC)sn 93049022</subfield></datafield></record>